@article{DBLP:journals/corr/OSheaH17,
  author    = {Timothy J. O'Shea and
               Jakob Hoydis},
  title     = {An Introduction to Machine Learning Communications Systems},
  journal   = {CoRR},
  volume    = {abs/1702.00832},
  year      = {2017},
  url       = {http://arxiv.org/abs/1702.00832},
  archivePrefix = {arXiv},
  eprint    = {1702.00832},
  timestamp = {Wed, 07 Jun 2017 14:40:40 +0200},
  biburl    = {https://dblp.org/rec/bib/journals/corr/OSheaH17},
  bibsource = {dblp computer science bibliography, https://dblp.org}
}

@ARTICLE{2018arXiv180303145O,
   author = {{O'Shea}, T.~J. and {Roy}, T. and {West}, N. and {Hilburn}, B.~C.
	},
    title = "{Physical Layer Communications System Design Over-the-Air Using Adversarial Networks}",
  journal = {ArXiv e-prints},
archivePrefix = "arXiv",
   eprint = {1803.03145},
 keywords = {Electrical Engineering and Systems Science - Signal Processing, Computer Science - Learning},
     year = 2018,
    month = mar,
   adsurl = {http://adsabs.harvard.edu/abs/2018arXiv180303145O},
  adsnote = {Provided by the SAO/NASA Astrophysics Data System}
}

@INPROCEEDINGS{8262721, 
author={T. J. O'Shea and T. Erpek and T. C. Clancy}, 
booktitle={2017 55th Annual Allerton Conference on Communication, Control, and Computing (Allerton)}, 
title={Physical layer deep learning of encodings for the MIMO fading channel}, 
year={2017}, 
volume={}, 
number={}, 
pages={76-80}, 
keywords={MIMO communication;Rayleigh channels;antenna arrays;channel coding;decoding;optimisation;telecommunication computing;unsupervised learning;MIMO fading channel;autoencoder optimization problem;closed-loop operation;decoding processes;encoding;multiantenna;multiinput multioutput Rayleigh fading channel;multiple input multiple output communications;novel physical layer scheme;open-loop operation;physical layer deep learning;physical layer representation;receiver;single end-to-end task;spatial diversity modes;spatial multiplexing modes;transmitter;unsupervised deep learning;wireless MIMO systems;wireless channel impairment model}, 
doi={10.1109/ALLERTON.2017.8262721}, 
ISSN={}, 
month={Oct},}

@ARTICLE{2018ISTSP..12..132D,
   author = {{Dorner}, S. and {Cammerer}, S. and {Hoydis}, J. and {Brink}, S.~t.
	},
    title = "{Deep Learning Based Communication Over the Air}",
  journal = {IEEE Journal of Selected Topics in Signal Processing},
archivePrefix = "arXiv",
   eprint = {1707.03384},
 primaryClass = "stat.ML",
     year = 2018,
    month = feb,
   volume = 12,
    pages = {132-143},
      doi = {10.1109/JSTSP.2017.2784180},
   adsurl = {http://adsabs.harvard.edu/abs/2018ISTSP..12..132D},
  adsnote = {Provided by the SAO/NASA Astrophysics Data System}
}

