@BOOK{bregman1994auditory,
  title={Auditory Scene Analysis: The Perceptual Organization of Sound},
  author={Bregman, A.S.},
  isbn={9780262521956},
  lccn={lc89014595},
  series={A Bradford book},
  url={https://books.google.de/books?id=jI8muSpAC5AC},
  year={1994},
  publisher={Bradford Books}
}

@TECHREPORT{TuneOutNoise:2012,
  TITLE     = "Scientists tuning in to how you tune out noise",
  BOOKTITLE = "ScienceDaily",
  INSTITUTION = "Acoustical Society of America",
  YEAR      = "2012",
  MONTH     = "May"}

@article{CocktailPartyProblem:2000,
	author = {Bronkhorst, Adelbert},
	year = {2000},
	month = {01},
	pages = {117-128},
	title = {The Cocktail Party Phenomenon: A Review of Research on Speech Intelligibility in Multiple-Talker Conditions},
	volume = {86},
	booktitle = {Acta Acustica united with Acustica}
}

@article{Cherry:1953,
	author = {E. Colin Cherry},
	title = {Some Experiments on the Recognition of Speech, with One and with Two Ears},
	journal = {The Journal of the Acoustical Society of America},
	volume = {25},
	number = {5},
	pages = {975-979},
	year = {1953},
	doi = {10.1121/1.1907229},
	URL = { 
		        https://doi.org/10.1121/1.1907229
	},
	eprint = { 
		        https://doi.org/10.1121/1.1907229
	}
}

@article{Hochreiter:1997:LSM:1246443.1246450,
 author = {Hochreiter, Sepp and Schmidhuber, J\"{u}rgen},
 title = {Long Short-Term Memory},
 journal = {Neural Comput.},
 issue_date = {November 15, 1997},
 volume = {9},
 number = {8},
 month = nov,
 year = {1997},
 issn = {0899-7667},
 pages = {1735--1780},
 numpages = {46},
 url = {http://dx.doi.org/10.1162/neco.1997.9.8.1735},
 doi = {10.1162/neco.1997.9.8.1735},
 acmid = {1246450},
 publisher = {MIT Press},
 address = {Cambridge, MA, USA},
}   

@book{Goodfellow-et-al-2016,
    title={Deep Learning},
    author={Ian Goodfellow and Yoshua Bengio and Aaron Courville},
    publisher={MIT Press},
    note={\url{http://www.deeplearningbook.org}},
    year={2016}
}

@article{Bach:2006,
	 author = {Bach, Francis R. and Jordan, Michael I.},
	 title = {Learning Spectral Clustering, With Application To Speech Separation},
	 journal = {J. Mach. Learn. Res.},
	 issue_date = {12/1/2006},
	 volume = {7},
	 month = dec,
	 year = {2006},
	 issn = {1532-4435},
	 pages = {1963--2001},
	 numpages = {39},
	 url = {http://dl.acm.org/citation.cfm?id=1248547.1248618},
	 acmid = {1248618},
	 publisher = {JMLR.org},
} 

@article{MaskingEffectsInSpeechPerception,
	author = {Samuel Evans and Carolyn McGettigan and Zarinah K. Agnew and Stuart Rosen and Sophie K. Scott},
	title = {Getting the Cocktail Party Started: Masking Effects in Speech Perception},
	journal = {Journal of Cognitive Neuroscience},
	volume = {28},
	number = {3},
	pages = {483-500},
	year = {2016},
}


@PHDTHESIS{SingleChannelSourceSeparation,
	AUTHOR    = "Z. Chen",
	TITLE     = "{Single Channel auditory source separation with neural network}",
	SCHOOL    = "Columbia University",
	YEAR      = "2017",
	TYPE      = "{Dissertation}"
}

@ARTICLE{AudioSpeechLanguageProcessing, 
author={E. Vincent and R. Gribonval and C. Fevotte}, 
journal={IEEE Transactions on Audio, Speech, and Language Processing}, 
title={Performance measurement in blind audio source separation}, 
year={2006}, 
volume={14}, 
number={4}, 
pages={1462-1469}, 
doi={10.1109/TSA.2005.858005}, 
ISSN={1558-7916}, 
month={July}
}

@article{TasNet,
  author    = {Yi Luo and
               Nima Mesgarani},
  title     = {TasNet: time-domain audio separation network for real-time, single-channel
               speech separation},
  journal   = {CoRR},
  volume    = {abs/1711.00541},
  year      = {2017},
  url       = {http://arxiv.org/abs/1711.00541},
  archivePrefix = {arXiv},
  eprint    = {1711.00541},
  timestamp = {Fri, 01 Dec 2017 14:22:24 +0100},
  biburl    = {https://dblp.org/rec/bib/journals/corr/abs-1711-00541},
  bibsource = {dblp computer science bibliography, https://dblp.org}
}


@INPROCEEDINGS{BasicDeepClustering:2016, 
author={J. R. Hershey and Z. Chen and J. Le Roux and S. Watanabe}, 
booktitle={2016 IEEE International Conference on Acoustics, Speech and Signal Processing (ICASSP)}, 
title={Deep clustering: Discriminative embeddings for segmentation and separation}, 
year={2016}, 
volume={}, 
number={}, 
pages={31-35}, 
doi={10.1109/ICASSP.2016.7471631}, 
ISSN={}, 
month={March}
}

@ARTICLE{SpeechSepDeepLearning:2015,
author={C. Weng and D. Yu and M. L. Seltzer and J. Droppo},
journal={IEEE/ACM Transactions on Audio, Speech, and Language Processing},
title={Deep Neural Networks for Single-Channel Multi-Talker Speech Recognition},
year={2015},
volume={23},
number={10},
pages={1670-1679},
doi={10.1109/TASLP.2015.2444659},
ISSN={2329-9290},
month={Oct}
}

@misc{HearingLoss,
	  title = {MillionsLiveWithHearingLoss},
	    howpublished = {\url{http://www.who.int/pbd/deafness/news/Millionslivewithhearingloss.pdf}},
	      note = {Accessed: 2018-05-05}
}

@MISC{Cardoso03blindsignal,
	    author = {Jean-Francois Cardoso},
	        title = {Blind Signal Separation: Statistical Principles},
		    year = {2003}
}



@article{DBLP:journals/corr/Nam13,
	  author    = {Sangnam Nam},
	    title     = {An Uncertainty Principle for Discrete Signals},
	      journal   = {CoRR},
	        volume    = {abs/1307.6321},
		  year      = {2013},
		    url       = {http://arxiv.org/abs/1307.6321},
		      archivePrefix = {arXiv},
		        eprint    = {1307.6321},
			  timestamp = {Wed, 07 Jun 2017 14:41:08 +0200},
			    biburl    = {https://dblp.org/rec/bib/journals/corr/Nam13},
			      bibsource = {dblp computer science bibliography, https://dblp.org}
}

@article{DBLP:journals/corr/abs-1301-3781,
  author    = {Tomas Mikolov and
               Kai Chen and
               Greg Corrado and
               Jeffrey Dean},
  title     = {Efficient Estimation of Word Representations in Vector Space},
  journal   = {CoRR},
  volume    = {abs/1301.3781},
  year      = {2013},
  url       = {http://arxiv.org/abs/1301.3781},
  archivePrefix = {arXiv},
  eprint    = {1301.3781},
  timestamp = {Wed, 07 Jun 2017 14:42:25 +0200},
  biburl    = {https://dblp.org/rec/bib/journals/corr/abs-1301-3781},
  bibsource = {dblp computer science bibliography, https://dblp.org}
}

@inproceedings{Pascanu:2013:DTR:3042817.3043083,
 author = {Pascanu, Razvan and Mikolov, Tomas and Bengio, Yoshua},
 title = {On the Difficulty of Training Recurrent Neural Networks},
 booktitle = {Proceedings of the 30th International Conference on International Conference on Machine Learning - Volume 28},
 series = {ICML'13},
 year = {2013},
 location = {Atlanta, GA, USA},
 pages = {III-1310--III-1318},
 url = {http://dl.acm.org/citation.cfm?id=3042817.3043083},
 acmid = {3043083},
 publisher = {JMLR.org},
} 

@article{DBLP:journals/corr/abs-1801-05119,
  author    = {Jinsong Su and
               Shan Wu and
               Deyi Xiong and
               Yaojie Lu and
               Xianpei Han and
               Biao Zhang},
  title     = {Variational Recurrent Neural Machine Translation},
  journal   = {CoRR},
  volume    = {abs/1801.05119},
  year      = {2018},
  url       = {http://arxiv.org/abs/1801.05119},
  archivePrefix = {arXiv},
  eprint    = {1801.05119},
  timestamp = {Fri, 02 Feb 2018 14:20:25 +0100},
  biburl    = {https://dblp.org/rec/bib/journals/corr/abs-1801-05119},
  bibsource = {dblp computer science bibliography, https://dblp.org}
}

@ARTICLE{4429320, 
author={J. Rouat}, 
journal={IEEE Transactions on Neural Networks}, 
title={Computational Auditory Scene Analysis: Principles, Algorithms, and Applications (Wang, D. and Brown, G.J., Eds.; 2006) [Book review]}, 
year={2008}, 
volume={19}, 
number={1}, 
pages={199-199}, 
keywords={Acoustic signal processing;Book reviews;Image analysis;Mathematical model;Multiple signal classification;Music;Reverberation;Signal processing algorithms;Speech analysis;Speech recognition}, 
doi={10.1109/TNN.2007.913988}, 
ISSN={1045-9227}, 
month={Jan},}
